[gd_scene load_steps=3 format=2]

[ext_resource path="res://LinesScene.gd" type="Script" id=1]
[ext_resource path="res://MarginContainer.gd" type="Script" id=2]

[node name="Node2D" type="Node2D"]
script = ExtResource( 1 )
button_path = NodePath("CanvasLayer/runLines")

[node name="CanvasLayer" type="CanvasLayer" parent="."]

[node name="MarginContainer" type="MarginContainer" parent="CanvasLayer"]
anchor_right = 1.0
anchor_bottom = 1.0
custom_constants/margin_right = 10
custom_constants/margin_top = 10
custom_constants/margin_left = 10
custom_constants/margin_bottom = 10
script = ExtResource( 2 )
__meta__ = {
"_edit_use_anchors_": false
}

[node name="HBoxContainer" type="HBoxContainer" parent="CanvasLayer/MarginContainer"]
margin_left = 10.0
margin_top = 10.0
margin_right = 1910.0
margin_bottom = 1070.0

[node name="VBoxContainer" type="VBoxContainer" parent="CanvasLayer/MarginContainer/HBoxContainer"]
margin_bottom = 1060.0

[node name="stat01" type="Label" parent="CanvasLayer/MarginContainer/HBoxContainer/VBoxContainer"]
margin_bottom = 14.0

[node name="stat02" type="Label" parent="CanvasLayer/MarginContainer/HBoxContainer/VBoxContainer"]
margin_top = 18.0
margin_bottom = 32.0

[node name="runLines" type="Button" parent="CanvasLayer"]
margin_left = 40.728
margin_top = 92.3726
margin_right = 99.728
margin_bottom = 115.373
action_mode = 0
text = "run"
__meta__ = {
"_edit_use_anchors_": false
}

[node name="SpinBox2" type="SpinBox" parent="CanvasLayer/runLines"]
margin_left = -23.7279
margin_top = -34.0
margin_right = 102.272
margin_bottom = -10.0
__meta__ = {
"_edit_use_anchors_": false
}
[connection signal="pressed" from="CanvasLayer/runLines" to="." method="_on_runLines_pressed"]
